@article{varun,
  author = {Varun Chandola and Arindam Banerjee and Vipin Kumar},
  title = {Anomaly Detection: A Survey},
  url = {https://www.vs.inf.ethz.ch/edu/HS2011/CPS/papers/chandola09_anomaly-detection-survey.pdf},
  doi = {10.1145/1541880.1541882},
  pagetotal = {58},
  year = {2009},
  language = {english}
}

@article{hodge,
  title = {A Survey of Outlier Detection Methodologies},
  url = {https://www-users.cs.york.ac.uk/vicky/myPapers/Hodge+Austin_OutlierDetection_AIRE381.pdf},
  year = {2004},
  author = {Victoria J. Hodge and Jim Austin},
  language = {english}
}

@article{billor,
  title = {BACON: blocked adaptive computationally efficient outlier nominators},
  url = {https://www.sciencedirect.com/science/article/pii/S0167947399001012},
  author = {Nedret Billor and Ali S. Hadi and Paul F. Velleman},
  year = {2000},
  doi = {10.1016/S0167-9473(99)00101-2},
  language = {english}
}

@article{vakili,
  title = {Finding Multivariate Outliers With FastPCS},
  author = {Kaveh Vakili and Eric Schmitt},
  year = {2013},
  url = {https://arxiv.org/pdf/1301.2053.pdf}
}

@article{wilkinson,
  title = {Visualizing Big Data Outliers through Distributed Aggregation},
  author = {Leland Wilkinson},
  year = {2017},
  url = {https://www.cs.uic.edu/~wilkinson/Publications/outliers.pdf}
}

@article{dai,
  title = {Directional Outlyingness for Multivariate Functional Data},
  author = {Wenlin Dai and Marc G. Genton},
  year = {2018},
  url = {https://stsda.kaust.edu.sa/Documents/2019.DG.CSDA.pdf}
}